@book{mitchell2015web,
  title={Web scraping with Python: collecting data from the modern web},
  author={Mitchell, Ryan},
  year={2015},
  publisher={" O'Reilly Media, Inc."}
}

@book{robert2009introduction,
  title={Introduction to scheduling},
  author={Robert, Yves and Vivien, Fr{\'e}d{\'e}ric},
  year={2009},
  publisher={CRC Press}
}
